<?xml version="1.0" encoding="UTF-8"?><collection xmlns="http://www.loc.gov/MARC21/slim"><record><leader>00558nam--2200169-u-4500</leader><controlfield tag="001">000054415</controlfield><controlfield tag="002">20161230</controlfield><controlfield tag="005">20161230201051</controlfield><controlfield tag="008">111208s1000------------r-----000-0-eng-d</controlfield><datafield ind1=" " ind2=" " tag="040"><subfield code="a">IFIN-HH</subfield></datafield><datafield ind1=" " ind2=" " tag="080"><subfield code="a">539.12.17(061.3)</subfield></datafield><datafield ind1="1" ind2=" " tag="100"><subfield code="a">Mosher, Anne</subfield></datafield><datafield ind1="1" ind2="0" tag="245"><subfield code="a">Proceedings of the summer institute on particle physics july 28-august 8, 1980</subfield><subfield code="b">The weak interaction, slac report no.239, january 1981</subfield><subfield code="c">Anne mosher (ed.)</subfield></datafield><datafield ind1=" " ind2=" " tag="260"><subfield code="a">Stanford, California</subfield><subfield code="b">Stanford University</subfield><subfield code="c">1981</subfield></datafield><datafield ind1=" " ind2=" " tag="300"><subfield code="a">626P</subfield></datafield><datafield ind1=" " ind2=" " tag="852"><subfield code="a">49336</subfield><subfield code="c">539.12</subfield></datafield><datafield ind1=" " ind2=" " tag="CAT"><subfield code="a">Sys</subfield><subfield code="c">20111208</subfield><subfield code="h">091957</subfield></datafield></record></collection>